<?xml version="1.0" encoding="UTF-8"?><collection xmlns="http://www.loc.gov/MARC21/slim"><record><leader>00519nam--2200193-i-4500</leader><controlfield tag="001">000006747</controlfield><controlfield tag="002">20161230</controlfield><controlfield tag="005">20161230201026</controlfield><controlfield tag="008">060222s1000------------r-----000-0-eng-d</controlfield><datafield ind1=" " ind2=" " tag="040"><subfield code="a">IFIN-HH</subfield></datafield><datafield ind1=" " ind2=" " tag="080"><subfield code="a">519.24:519.2:338</subfield></datafield><datafield ind1="1" ind2=" " tag="100"><subfield code="a">Cox, D.R</subfield></datafield><datafield ind1="1" ind2="0" tag="245"><subfield code="a">Queues</subfield><subfield code="c">D.r. cox, w.l. smith</subfield></datafield><datafield ind1=" " ind2=" " tag="260"><subfield code="a">London</subfield><subfield code="b">Methuen &amp; Co.Ltd</subfield><subfield code="c">1963</subfield></datafield><datafield ind1=" " ind2=" " tag="300"><subfield code="a">XII+180P</subfield></datafield><datafield ind1=" " ind2=" " tag="490"><subfield code="a">Methuen S Monographs On Applied Probabilitiy And Statistics</subfield></datafield><datafield ind1="1" ind2=" " tag="700"><subfield code="a">Smith, W.L</subfield></datafield><datafield ind1=" " ind2=" " tag="852"><subfield code="a">15248</subfield><subfield code="c">519.24</subfield></datafield><datafield ind1=" " ind2=" " tag="CAT"><subfield code="a">Sys</subfield><subfield code="c">20130802</subfield><subfield code="h">115229</subfield></datafield></record></collection>